@online{1,
    url  = "pottermore.com",
}
@online{2,
    url  = "https://harrypotter.fandom.com/wiki/Main_Page",
}

@online{3,
    url  = "https://datascientest.com/knn",
}
@online{4,
    url  = "https://scikit-learn.org/stable/modules/generated/sklearn.ensemble.RandomForestClassifier.html?highlight=randomforest",
}

@book{hands,
  title={Hands-On Machine Learning with Scikit-Learn and TensorFlow},
  author={Aurélien Géron},
  year={2019},
  publisher={f O’Reilly Media},
}

@online{5,
    url  = "https://towardsdatascience.com/predicting-cardiovascular-disease-using-k-nearest-neighbors-algorithm-614b0ecbf122",
}


@article{breiman2001random,
  title={Random forests},
  author={Breiman, Leo},
  journal={Machine learning},
  volume={45},
  number={1},
  pages={5--32},
  year={2001},
  publisher={Springer}
}


@article{scikit_learn,
 title={Scikit-learn: Machine Learning in {P}ython},
 author={Pedregosa, F. and Varoquaux, G. and Gramfort, A. and Michel, V.
         and Thirion, B. and Grisel, O. and Blondel, M. and Prettenhofer, P.
         and Weiss, R. and Dubourg, V. and Vanderplas, J. and Passos, A. and
         Cournapeau, D. and Brucher, M. and Perrot, M. and Duchesnay, E.},
 journal={Journal of Machine Learning Research},
 volume={12},
 pages={2825--2830},
 year={2011}
}
